<?xml version="1.0" encoding="UTF-8"?>
<collection xmlns:xsi="http://www.w3.org/2001/XMLSchema-instance" xsi:schemaLocation="http://www.loc.gov/MARC21/slim http://www.loc.gov/standards/marcxml/schema/MARC21slim.xsd" xmlns="http://www.loc.gov/MARC21/slim">
<record>
  <leader>02232cam a2200409 a 4500</leader>
  <controlfield tag="001">3059242</controlfield>
  <controlfield tag="003">NNC</controlfield>
  <controlfield tag="005">20140126215148.0</controlfield>
  <controlfield tag="008">851030m19521953ua       b    000 0carar </controlfield>
  <datafield tag="010" ind1=" " ind2=" ">
    <subfield code="a">   83962194 </subfield>
  </datafield>
  <datafield tag="035" ind1=" " ind2=" ">
    <subfield code="a">(OCoLC)13095897</subfield>
  </datafield>
  <datafield tag="035" ind1=" " ind2=" ">
    <subfield code="a">(OCoLC)ocm13095897</subfield>
  </datafield>
  <datafield tag="035" ind1=" " ind2=" ">
    <subfield code="9">ATM7852CU</subfield>
  </datafield>
  <datafield tag="035" ind1=" " ind2=" ">
    <subfield code="a">(NNC)3059242</subfield>
  </datafield>
  <datafield tag="040" ind1=" " ind2=" ">
    <subfield code="a">DLC</subfield>
    <subfield code="c">DLC</subfield>
    <subfield code="d">DLC</subfield>
    <subfield code="d">CStRLIN</subfield>
    <subfield code="d">CU-SB</subfield>
  </datafield>
  <datafield tag="043" ind1=" " ind2=" ">
    <subfield code="a">aw-----</subfield>
    <subfield code="a">ff-----</subfield>
  </datafield>
  <datafield tag="050" ind1="0" ind2="0">
    <subfield code="a">DS38.4.A2</subfield>
    <subfield code="b">I27 1952</subfield>
  </datafield>
  <datafield tag="066" ind1=" " ind2=" ">
    <subfield code="c">(3</subfield>
  </datafield>
  <datafield tag="090" ind1=" " ind2=" ">
    <subfield code="a">BP192.3</subfield>
    <subfield code="b">.I23</subfield>
  </datafield>
  <datafield tag="100" ind1="1" ind2=" ">
    <subfield code="6">880-01</subfield>
    <subfield code="a">Ibn Rajab, ʻAbd al-Raḥmān ibn Aḥmad,</subfield>
    <subfield code="d">1336-1393.</subfield>
  </datafield>
  <datafield tag="240" ind1="1" ind2="0">
    <subfield code="6">880-02</subfield>
    <subfield code="a">Dhayl ʻalá Ṭabaqāt al-Ḥanābilah</subfield>
  </datafield>
  <datafield tag="245" ind1="1" ind2="0">
    <subfield code="6">880-03</subfield>
    <subfield code="a">Kitāb al-dhayl ʻalá Ṭabaqāt al-Ḥanābilah /</subfield>
    <subfield code="c">li-Ibn Rajab Zayn al-Dīn Abī al-Faraj ʻAbd al-Raḥmān ibn Shihāb al-Dīn Aḥmad al-Baghdādī thumma al-Dimashqī al-Ḥanbalī ; waqafa ʻalá ṭabʻihi wa-ṣaḥḥaḥahu Muḥammad Ḥāmid al-Fiqī.</subfield>
  </datafield>
  <datafield tag="260" ind1=" " ind2=" ">
    <subfield code="a">[S.l. :</subfield>
    <subfield code="b">s.n.],</subfield>
    <subfield code="c">1952-1953</subfield>
    <subfield code="e">(al-Qāhirah :</subfield>
    <subfield code="f">Maṭbaʻat al-Sunnah al-Muḥammadīyah)</subfield>
  </datafield>
  <datafield tag="300" ind1=" " ind2=" ">
    <subfield code="a">2 v. ;</subfield>
    <subfield code="c">24 cm.</subfield>
  </datafield>
  <datafield tag="500" ind1=" " ind2=" ">
    <subfield code="a">A continuation of the Ṭabaqāt al-Ḥanābilah of Ibn Abī Yaʻlá.</subfield>
  </datafield>
  <datafield tag="504" ind1=" " ind2=" ">
    <subfield code="a">Includes bibliographical references.</subfield>
  </datafield>
  <datafield tag="651" ind1=" " ind2="0">
    <subfield code="a">Islamic Empire</subfield>
    <subfield code="v">Biography</subfield>
    <subfield code="v">Early works to 1800.</subfield>
  </datafield>
  <datafield tag="650" ind1=" " ind2="0">
    <subfield code="a">Hanbalites</subfield>
    <subfield code="v">Biography</subfield>
    <subfield code="v">Early works to 1800.</subfield>
  </datafield>
  <datafield tag="700" ind1="1" ind2=" ">
    <subfield code="6">880-04</subfield>
    <subfield code="a">Fiqī, Muḥammad Ḥāmid.</subfield>
  </datafield>
  <datafield tag="700" ind1="1" ind2=" ">
    <subfield code="6">880-05</subfield>
    <subfield code="a">Ibn Abī Yaʻlá, Abū al-Ḥusayn Muḥammad ibn Muḥammad,</subfield>
    <subfield code="d">1059-1131.</subfield>
    <subfield code="t">Ṭabaqāt al-Ḥanābilah.</subfield>
  </datafield>
  <datafield tag="880" ind1="1" ind2=" ">
    <subfield code="6">100-01/(3/r</subfield>
    <subfield code="a">ابن رجب، عبد الرحمن بن أحمد,</subfield>
    <subfield code="d">1336-1393.</subfield>
  </datafield>
  <datafield tag="880" ind1="1" ind2="0">
    <subfield code="6">240-02/(3/r</subfield>
    <subfield code="a">ذيل على طبقات الحنابلة</subfield>
  </datafield>
  <datafield tag="880" ind1="1" ind2="0">
    <subfield code="6">245-03/(3/r</subfield>
    <subfield code="a">كتاب الذيل على طبقات الحنابلة /</subfield>
    <subfield code="c">لابن رجب زين الدين أبي الفرج عبد الرحمن بن شهاب الدين أحمد البغدادي ثم الدمشقي الحنبلي ؛ دفق على طبعيه وصححه محمد حامد الفيقي.</subfield>
  </datafield>
  <datafield tag="880" ind1="1" ind2=" ">
    <subfield code="6">700-04/(3/r</subfield>
    <subfield code="a">فيقي، محمد حامد.</subfield>
  </datafield>
  <datafield tag="880" ind1="1" ind2=" ">
    <subfield code="6">700-05/(3/r</subfield>
    <subfield code="a">ابن أبي يعلى، أبو الحسين محمد بن محمد,</subfield>
    <subfield code="d">1059-1131.</subfield>
    <subfield code="t">طبقات الحنابلة.</subfield>
  </datafield>
  <datafield tag="955" ind1=" " ind2=" ">
    <subfield code="b">0026816423</subfield>
    <subfield code="d">glx</subfield>
    <subfield code="e">893.799 Ib5511</subfield>
    <subfield code="v">v.2</subfield>
  </datafield>
</record>
</collection>